@article{lhc_machine,
	doi = {10.1088/1748-0221/3/08/s08001},
	url = {https://doi.org/10.1088%2F1748-0221%2F3%2F08%2Fs08001},
	year = 2008,
	month = {aug},
	publisher = {{IOP} Publishing},
	volume = {3},
	number = {08},
	pages = {S08001--S08001},
	author = {Lyndon Evans and Philip Bryant},
	title = {{LHC} Machine},
	journal = {Journal of Instrumentation},
}

@article{atlas,
    author = "Aad, G. and others",
    collaboration = "ATLAS",
    doi = "10.1088/1748-0221/3/08/S08003",
    journal = "JINST",
    pages = "S08003",
    title = "{The ATLAS Experiment at the CERN Large Hadron Collider}",
    volume = "3",
    year = "2008"
}

@Book{tevatron,
  author    = "Holmes, S., Moore, R. and Peoples J. and Shiltsev V.",
  title     = "Accelerator Physics at the Tevatron Collider",
  publisher = "Springer, New York, NY",
  year      = "2014"
}

@article{parton_model,
   title={The parton model and its applications},
   volume={29},
   ISSN={1793-656X},
   url={http://dx.doi.org/10.1142/S0217751X14300713},
   DOI={10.1142/s0217751x14300713},
   number={30},
   journal={International Journal of Modern Physics A},
   publisher={World Scientific Pub Co Pte Lt},
   author={Yan, Tung-Mow and Drell, Sidney D.},
   year={2014},
   month={Dec},
   pages={1430071}
}

@article{MSHT20,
    author = "Bailey S. and Cridge, T. and Harland-Lang, L. A. and Martin, A. D. and Thorne, R. S.",
    doi = "10.1140/epjc/s10052-021-09057-0",
    journal = "The European Physical Journal C",
    title = "{The ATLAS Experiment at the CERN Large Hadron Collider}",
    volume = "81",
    year = "2021"
}

@techreport{ATL-PHYS-PUB-2021-032,
      title         = "{Standard Model Summary Plots June 2021}",
      institution   = "CERN",
      collaboration = "ATLAS Collaboration",
      address       = "Geneva",
      reportNumber  = "ATL-PHYS-PUB-2021-032",
      month         = "Jul",
      year          = "2021",
      url           = "http://cds.cern.ch/record/2777014",
      note          = "All figures including auxiliary figures are available at
                       https://atlas.web.cern.ch/Atlas/GROUPS/PHYSICS/PUBNOTES/ATL-PHYS-PUB-2021-032",
}

@article{cms,
	doi = {10.1088/1748-0221/3/08/s08004},
	url = {https://doi.org/10.1088/1748-0221/3/08/s08004},
	year = 2008,
	month = {aug},
	publisher = {{IOP} Publishing},
	volume = {3},
	number = {08},
	pages = {S08004--S08004},
	author = {The CMS Collaboration},
	title = {The {CMS} experiment at the {CERN} {LHC}},
}

@article{LHCb,
	doi = {10.1088/1748-0221/3/08/s08005},
	url = {https://doi.org/10.1088/1748-0221/3/08/s08005},
	year = 2008,
	month = {aug},
	publisher = {{IOP} Publishing},
	volume = {3},
	number = {08},
	pages = {S08005--S08005},
	author = {The LHCb Collaboration},
	title = {The {LHCb} Detector at the {LHC}},
}

@article{ALICE,
   title={Performance of the ALICE experiment at the CERN LHC},
   volume={29},
   ISSN={1793-656X},
   url={http://dx.doi.org/10.1142/S0217751X14300440},
   DOI={10.1142/s0217751x14300440},
   number={24},
   journal={International Journal of Modern Physics A},
   publisher={World Scientific Pub Co Pte Lt},
   year={2014},
   month={Sep},
   pages={1430044}
}

@article{quark_confinement,
   title={Quark confinement: the hard problem of hadron physics},
   volume={34},
   ISSN={1361-6471},
   url={http://dx.doi.org/10.1088/0954-3899/34/7/S02},
   DOI={10.1088/0954-3899/34/7/s02},
   number={7},
   journal={Journal of Physics G: Nuclear and Particle Physics},
   publisher={IOP Publishing},
   author={Alkofer, R and Greensite, J},
   year={2007},
   month={May},
   pages={S3–S21}
}

@article{Karsch:845568,
      author        = "Karsch, Frithjof",
      title         = "{Deconfinement and chiral symmetry restoration in QCD with
                       fundamental and adjoint fermions}",
      journal       = "PoS",
      volume        = "corfu98",
      pages         = "008",
      year          = "1999",
      url           = "https://cds.cern.ch/record/845568",
}

@article{atlas_higgs,
title = {Observation of a new particle in the search for the Standard Model Higgs boson with the ATLAS detector at the LHC},
journal = {Physics Letters B},
volume = {716},
number = {1},
pages = {1-29},
year = {2012},
issn = {0370-2693},
doi = {https://doi.org/10.1016/j.physletb.2012.08.020},
url = {https://www.sciencedirect.com/science/article/pii/S037026931200857X},
author = {The ATLAS Collaboration}
}

@article{cms_higgs,
title = {Observation of a new boson at a mass of 125 GeV with the CMS experiment at the LHC},
journal = {Physics Letters B},
volume = {716},
number = {1},
pages = {30-61},
year = {2012},
issn = {0370-2693},
doi = {https://doi.org/10.1016/j.physletb.2012.08.021},
url = {https://www.sciencedirect.com/science/article/pii/S0370269312008581},
author = {The CMS Collaboration}
}

@phdthesis{id_thesis,
author = {Tasneem Saleem},
title = {Development of pixel detector for ATLAS Inner Tracker (ITk) upgrade at HL-LHC and Searching for the Standard Model Higgs boson decay into b-quark pair with ATLAS experiment},
publisher = {l'Universite Paris-Saclay},
year = {2019}
}

@techreport{LAr_calo,
      author        = "Grassi, V",
      title         = "{The Atlas Liquid Argon Calorimeter at the CERN Large
                       Hadron Collider: General Performance and Latest
                       Developments of the High Voltage System}",
      institution   = "CERN",
      address       = "Geneva",
      reportNumber  = "ATL-LARG-PROC-2013-013",
      month         = "Nov",
      year          = "2013",
      url           = "https://cds.cern.ch/record/1628748",
}

@article{electron_reco,
   title={Electron reconstruction and identification in the ATLAS experiment using the 2015 and 2016 LHC proton–proton collision data at $$\sqrt{s} = 13$$ $$\text {TeV}$$},
   volume={79},
   ISSN={1434-6052},
   url={http://dx.doi.org/10.1140/epjc/s10052-019-7140-6},
   DOI={10.1140/epjc/s10052-019-7140-6},
   number={8},
   journal={The European Physical Journal C},
   publisher={Springer Science and Business Media LLC},
   author={Aaboud, M. and Aad, G. and Abbott, B. and Abbott, D. C. and Abdinov, O. and Abeloos, B. and Abhayasinghe, D. K. and Abidi, S. H. and AbouZeid, O. S. and et al.},
   year={2019},
   month={Aug}
}

